@article{romero2020high,
	title={High performance implementations of the 2D Ising model on GPUs},
	author={Romero, Joshua and Bisson, Mauro and Fatica, Massimiliano and Bernaschi, Massimo},
	journal={Computer Physics Communications},
	volume={256},
	year={2020},
	publisher={Elsevier}
}

%русская
@inproceedings{Markovich2019,
  title={Parallel algorithm based on the Ising model for solving combinatorial optimization problems},
  author={Markovich LA},
  booktitle={Information Technology and Systems 2019},
  pages={350--358},
  year={2019}
}

@article{papadimitriou1977euclidean,
  title={The Euclidean travelling salesman problem is NP-complete},
  author={Papadimitriou, Christos H},
  journal={Theoretical computer science},
  volume={4},
  number={3},
  pages={237--244},
  year={1977},
  publisher={Elsevier}
}

@book{karp2010reducibility,
  title={Reducibility among combinatorial problems},
  author={Karp, Richard M},
  year={2010},
  publisher={Springer}
}

@article{onsager1944crystal,
  title={Crystal statistics. I. A two-dimensional model with an order-disorder transition},
  author={Onsager, Lars},
  journal={Physical Review},
  volume={65},
  number={3-4},
  pages={117},
  year={1944},
  publisher={APS}
}

@article{zhang2023exact,
  title={Exact Solution of Ferromagnetic Three-Dimensional (3D) Ising Model and Spontaneous Emerge of Time},
  author={ZHANG, Zhidong},
  journal={Acta Metall Sin},
  volume={59},
  number={4},
  pages={489--501},
  year={2023}
}

@inproceedings{maren1991logical,
  title={A logical topology of neural networks},
  author={Maren, Alianna J},
  booktitle={Proceedings of the Second Workshop on Neural Networks},
  year={1991}
}

@incollection{grant2020adiabatic,
  title={Adiabatic quantum computing and quantum annealing},
  author={Grant, Erica K and Humble, Travis S},
  booktitle={Oxford Research Encyclopedia of Physics},
  year={2020}
}

% русская
@article{Korol2021,
  title={Neural network for determining the Curie temperature of the two-dimensional Ising model},
  author={Korol, Alyona Olegovna and Captain, Vitaly Yurievich},
  journal={Far Eastern Mathematical Journal},
  volume={21},
  number={1},
  pages={51--60},
  year={2021},
  publisher={Institute of Applied Mathematics, Far East Branch of RAS}
}

@incollection{janke2008monte,
  title={Monte Carlo methods in classical statistical physics},
  author={Janke, Wolfhard},
  booktitle={Computational many-particle physics},
  pages={79--140},
  year={2008},
  publisher={Springer}
}

@article{loh2006efficient,
  title={Efficient algorithm for random-bond Ising models in 2d},
  author={Loh, Yen Lee and Carlson, Erica W},
  journal={Physical review letters},
  volume={97},
  number={22},
  pages={227205},
  year={2006},
  publisher={APS}
}

@book{katz2007mathematics,
	title={The Mathematics of Egypt, Mesopotamia, China, India, and Islam: A Sourcebook},
	author={Katz, Victor J},
	year={2007},
	publisher={Princeton University Press}
}

@article{zhang2018topological,
  title={Topological Effects and Critical Phenomena in the Three-Dimensional (3D) Ising Model},
  author={Zhang, Zhidong},
  journal={Many-Body Approaches at Different Scales: A Tribute to Norman H. March on the Occasion of his 90th Birthday},
  pages={331--343},
  year={2018},
  publisher={Springer}
}

@article{zhang2007conjectures,
  title={Conjectures on the exact solution of three-dimensional (3D) simple orthorhombic Ising lattices},
  author={Zhang, ZD},
  journal={Philosophical Magazine},
  volume={87},
  number={34},
  pages={5309--5419},
  year={2007},
  publisher={Taylor \& Francis}
}

@article{zhang2013mathematical,
  title={Mathematical structure of the three-dimensional (3D) Ising model},
  author={Zhang, Zhi-Dong},
  journal={Chinese Physics B},
  volume={22},
  number={3},
  pages={030513},
  year={2013},
  publisher={IOP Publishing}
}

@article{zhang2016mathematical,
  title={Mathematical structure and the conjectured exact solution of threedimensional (3D) Ising model},
  author={ZHANG, Zhidong},
  journal={Acta Metall Sin},
  volume={52},
  number={10},
  pages={1311--1325},
  year={2016}
}

@inproceedings{zhang2017nature,
  title={The nature of three dimensions: Non-local behavior in the three-dimensional (3D) Ising model},
  author={Zhang, ZD},
  booktitle={Journal of Physics: Conference Series},
  volume={827},
  number={1},
  pages={012001},
  year={2017},
  organization={IOP Publishing}
}

@article{zhang2020computational,
  title={Computational complexity of spin-glass three-dimensional (3D) Ising model},
  author={Zhang, Zhidong},
  journal={Journal of Materials Science \& Technology},
  volume={44},
  pages={116--120},
  year={2020},
  publisher={Elsevier}
}

%русская
@article{Panchenko2007,
  title={Comparative analysis of the efficiency of application of genetic algorithms and Metropolis algorithm in problems of solid state physics},
  author={Panchenko, Tatyana Vyacheslavovna and Tarasevich, Yuri Yurievich},
  journal={computational methods and programming},
  volume={8},
  pages={77--87},
  year={2007}
}